@article{dark-silicon,
	author = {Michael B. Taylor},
	title = {A LANDSCAPE OF THE NEW DARK SILICON DESIGN REGIME},
	month = "September",
	year = "2013",
	publisher = {University of California, San Diego},
} 


